Automatically generated by Mendeley Desktop 1.17.11
Any changes to this file will be lost if it is regenerated by Mendeley.

BibTeX export options can be customized via Preferences -> BibTeX in Mendeley Desktop

@report{Tripathy,
author = {Tripathy, Rohit and Bilionis, Ilias and Gonzalez, Marcial},
archivePrefix = {arXiv},
arxivId = {1602.04550},
title = {{Gaussian processes with built-in dimensionality
reduction: Applications in high-dimensional
uncertainty propagation}},
url = {https://arxiv.org/pdf/1602.04550},
year = {2016}
}

@report{Wang,
author = {Wang, Ziyu and Hutter, Frank and Zoghi, Masrour and Matheson, David and De Freitas, Nando},
archivePrefix = {arXiv},
arxivId = {1301.1942.pdf},
title = {{Bayesian Optimization in High Dimensions via Random Embeddings}},
url = {https://arxiv.org/pdf/1301.1942},
year = {2016}
}

@report{Rolland,
author = {Rolland, Paul and Scarlett, Jonathan and Bogunovic, Ilija and Cevher, Volkan},
archivePrefix = {arXiv},
arxivId = {1802.07028},
title = {{High-Dimensional Bayesian Optimization via Additive Models with Overlapping Groups}},
url = {http://arxiv.org/abs/1802.07028},
year = {2018}
}
