Automatically generated by Mendeley Desktop 1.17.11
Any changes to this file will be lost if it is regenerated by Mendeley.

BibTeX export options can be customized via Preferences -> BibTeX in Mendeley Desktop
@online{TuningTestFunctions,
  author = {Simon Fraser University},
  title = {Virtual Library of Simulation Experiments: Test Functions and Datasets - Calibration/Tuning Test Problems},
  year = 2017,
  url = {https://www.sfu.ca/~ssurjano/calibrat.html},
  urldate = {2018-03-09}
}

@online{OptimizationTestFunctions,
  author = {Simon Fraser University},
  title = {Virtual Library of Simulation Experiments: Test Functions and Datasets - Optimization Test Problems},
  year = 2017,
  url = {http://www.808multimedia.com/winnt/kernel.htm},
  urldate = {2018-03-09}
}


@report{Jamil2013,
author = {Jamil, Momin and Yang, Xin-She},
archivePrefix = {arXiv},
arxivId = {1308.4008v1},
title = {{A Literature Survey of Benchmark Functions For Global Optimization Problems Citation details: Momin Jamil and Xin-She Yang, A literature survey of benchmark functions for global optimization problems}},
url = {http://arxiv.org/abs/1308.4008v1},
year = {2018}
}

@report{Li2018,
author = {Li, Cheng and Gupta, Sunil and Rana, Santu and Nguyen, Vu and Venkatesh, Svetha and Shilton, Alistair},
archivePrefix = {arXiv},
arxivId = {http://arxiv.org/abs/1802.05400},
title = {{High Dimensional Bayesian Optimization Using Dropout}},
url = {http://arxiv.org/abs/1802.05400},
year = {2018}
}

@report{Rana2017,
author = {Rana, Santu and Li, Cheng and Gupta, Sunil and Nguyen, Vu and Venkatesh, Svetha},
title = {{High Dimensional Bayesian Optimization with Elastic Gaussian Process}},
url = {http://proceedings.mlr.press/v70/rana17a/rana17a.pdf},
year = {2017}
}

@report{Gardner2017,
author = {Gardner, Jacob R and Guo, Chuan and Weinberger, Kilian Q and Garnett, Roman and Grosse, Roger},
title = {{Discovering and Exploiting Additive Structure for Bayesian Optimization}},
url = {http://proceedings.mlr.press/v54/gardner17a/gardner17a.pdf},
year = {2017}
}

@report{Djolonga2013,
author = {Djolonga, Josip and Krause, Andreas and Cevher, Volkan},
title = {{High-Dimensional Gaussian Process Bandits}},
url = {https://papers.nips.cc/paper/5152-high-dimensional-gaussian-process-bandits},
year = {2013}
}

@report{Garnett2013,
author = {Garnett, Roman and Osborne, Michael A. and Hennig, Philipp},
archivePrefix = {arXiv},
arxivId = {1310.6740},
title = {{Active Learning of Linear Embeddings for Gaussian Processes}},
url = {https://arxiv.org/pdf/1310.6740},
year = {2013}
}

@report{Tripathy,
author = {Tripathy, Rohit and Bilionis, Ilias and Gonzalez, Marcial},
archivePrefix = {arXiv},
arxivId = {1602.04550},
title = {{Gaussian processes with built-in dimensionality
reduction: Applications in high-dimensional
uncertainty propagation}},
url = {https://arxiv.org/pdf/1602.04550},
year = {2016}
}

@report{Wang2013,
author = {Wang, Ziyu and Hutter, Frank and Zoghi, Masrour and Matheson, David and De Freitas, Nando},
archivePrefix = {arXiv},
arxivId = {1301.1942.pdf},
title = {{Bayesian Optimization in High Dimensions via Random Embeddings}},
url = {https://arxiv.org/pdf/1301.1942},
year = {2013}
}

@report{Rolland,
author = {Rolland, Paul and Scarlett, Jonathan and Bogunovic, Ilija and Cevher, Volkan},
archivePrefix = {arXiv},
arxivId = {1802.07028},
title = {{High-Dimensional Bayesian Optimization via Additive Models with Overlapping Groups}},
url = {http://arxiv.org/abs/1802.07028},
year = {2018}
}
