%% This BibTeX bibliography file was created using BibDesk.
%% http://bibdesk.sourceforge.net/


%% Created for Jason Lee at 2015-05-20 10:18:36 +0100 

@inproceedings{nair10, 
    Author = {Vinod Nair and Geoffrey E. Hinton}, 
    Booktitle = {Proceedings of the 27th International Conference on Machine Learning (ICML-10)}, 
    Title = {Rectified Linear Units Improve Restricted Boltzmann Machines}, 
    Year = {2010}, 
   }

@incollection{mikolov13c,
title = {Distributed Representations of Words and Phrases and their Compositionality},
author = {Tomas Mikolov and Ilya Sutskever and Kai Chen and Greg S Corrado and Jeff Dean},
booktitle = {Advances in Neural Information Processing Systems 26},
pages = {3111--3119},
year = {2013},
}

@article{mitchell10,
author = {Jeff Mitchell and Mirella Lapata},
title = {Composition in Distributional Models of Semantics},
journal = {Cognitive Science},
volume = {34},
number = {8},
pages = {1388--1429},
year = {2010},
}



@inproceedings{baroni10,
 author = {Marco Baroni and Roberto Zamparelli},
 title = {Nouns Are Vectors, Adjectives Are Matrices: Representing Adjective-noun Constructions in Semantic Space},
 booktitle = {Proceedings of the 2010 Conference on Empirical Methods in Natural Language Processing},
 series = {EMNLP '10},
 year = {2010},
 pages = {1183--1193},
} 



@article{finkelstein02,
 author = {Lev Finkelstein and Evgeniy Gabrilovich and Yossi Matias and Ehud Rivlin and Zach Solan and Gadi Wolfman and Eytan Ruppin},
 title = {Placing Search in Context: The Concept Revisited},
 journal = {ACM Trans. Inf. Syst.},
 issue_date = {January 2002},
 volume = {20},
 number = {1},
 year = {2002},
} 

@article{hill14,
  author    = {Felix Hill and
               Roi Reichart and
               Anna Korhonen},
  title     = {SimLex-999: Evaluating Semantic Models with (Genuine) Similarity Estimation},
  journal   = {CoRR},
  volume    = {abs/1408.3456},
  year      = {2014},
}



@inproceedings{bamman14,
  author = {David Bamman and Chris Dyer and Noah A. Smith},
  booktitle = {Proceedings of the 52nd Annual Meeting of the Association for Computational Linguistics (Volume 2: Short Papers)},
  title = {Distributed Representations of Geographically Situated Language},
  year = 2014
}


@misc{wang13,
	Author = {William Yang Wang and Edward Lin and John Kominek},
	Title = {This Text Has the Scent of Starbucks: A Laplacian Structured Sparsity Model for Computational Branding Analytics},
	Year = {2013}}

@misc{malouf06,
	Author = {Robert Malouf},
	Title = {Mining web text for brand associations},
	Year = {2006}}
	
@incollection{rumelhart88,
 author = {David E. Rumelhart and Geoffrey E. Hinton and Ronald J. Williams},
 chapter = {Learning Representations by Back-propagating Errors},
 title = {Neurocomputing: Foundations of Research},
 editor = {Anderson, James A. and Rosenfeld, Edward},
 year = {1988},
 isbn = {0-262-01097-6},
 pages = {696--699},
 numpages = {4},
} 	

@article{hinton12,
  author    = {Geoffrey E. Hinton and
               Nitish Srivastava and
               Alex Krizhevsky and
               Ilya Sutskever and
               Ruslan Salakhutdinov},
  title     = {Improving neural networks by preventing co-adaptation of feature detectors},
  journal   = {CoRR},
  volume    = {abs/1207.0580},
  year      = {2012},
}	
	

@article{le14,
  author    = {Quoc V. Le and
               Tomas Mikolov},
  title     = {Distributed Representations of Sentences and Documents},
  journal   = {CoRR},
  year      = {2014},
}	

@article{vilnis14,
  author    = {Luke Vilnis and
               Andrew McCallum},
  title     = {Word Representations via Gaussian Embedding},
  journal   = {CoRR},
  volume    = {abs/1412.6623},
  year      = {2014},
}


@MISC{yang13,
    author = {Yi Yang and Jacob Eisenstein},
    title = {A Log-Linear Model for Unsupervised Text Normalization},
    year = {2013}
}

@INPROCEEDINGS{morin05,
    author = {Frederic Morin and Yoshua Bengio},
    title = {Hierarchical probabilistic neural network language model},
    booktitle = {AISTATS?05},
    year = {2005},
    pages = {246--252},
}
	

@article{mikolov13,
  author    = {Tomas Mikolov and
               Kai Chen and
               Greg Corrado and
               Jeffrey Dean},
  title     = {Efficient Estimation of Word Representations in Vector Space},
  journal   = {CoRR},
  year      = {2013},
}

@ARTICLE{huffman52, 
author={David A. Huffman}, 
journal={Proceedings of the IRE}, 
title={A Method for the Construction of Minimum-Redundancy Codes}, 
year={1952}, 
month={Sept}, 
volume={40}, 
number={9}, 
pages={1098-1101}, 
}

@article{mikolov13b,
  author    = {Tomas Mikolov and
               Ilya Sutskever and
               Kai Chen and
               Greg Corrado and
               Jeffrey Dean},
  title     = {Distributed Representations of Words and Phrases and their Compositionality},
  journal   = {CoRR},
  volume    = {abs/1310.4546},
  year      = {2013},
}
	
@ARTICLE{bengio03,
    author = {Yoshua Bengio and Réjean Ducharme and Pascal Vincent and Christian Jauvin},
    title = {A Neural Probabilistic Language Model},
    journal = {Journal of Machine Learning Research},
    year = {2003},
    volume = {3},
    pages = {1137--1155}
}	

@misc{marangos09,
	Author = {Alkis Marangos},
	Title = {Starbucks: Delivering Customer Service},
	Year = {2009}}
	
@article{guadagni83,
     title = {A Logit Model of Brand Choice Calibrated on Scanner Data},
     author = {Peter Guadagni and John Little},
     journal = {Marketing Science},
     volume = {2},
     pages = {pp. 203-238},
     year = {1983},
    }

@article{gupta88,
     title = {Impact of Sales Promotions on When, What, and How Much to Buy},
     author = {Sunil Gupta},
     journal = {Journal of Marketing Research},
     volume = {25},
     year = {1988},
}


@article{trusov13,
author = { Michael  Trusov  and  William  Rand  and  Yogesh V.  Joshi },
title = {Improving Prelaunch Diffusion Forecasts: Using Synthetic Networks as Simulated Priors},
journal = {Journal of Marketing Research},
volume = {50},
year = {2013},
}

@article{tirunillai14,
author = { Seshadri  Tirunillai  and  Gerard J.  Tellis },
title = {Mining Marketing Meaning from Online Chatter: Strategic Brand Analysis of Big Data Using Latent Dirichlet Allocation},
journal = {Journal of Marketing Research},
volume = {51},
year = {2014},
}



@article{tirunillai12,
author = {Seshadri Tirunillai and Gerard J. Tellis},
title = {Does Chatter Really Matter? Dynamics of User-Generated Content and Stock Performance},
journal = {Marketing Science},
volume = {31},
year = {2012},
}


@article{chintagunta91,
     title = {Investigating Heterogeneity in Brand Preferences in Logit Models for Panel Data},
     author = {Pradeep Chintagunta and Dipak Jain and Naufel Vilcassim},
     journal = {Journal of Marketing Research},
     volume = {28},
     year = {1991},
    }
	
@incollection{kuehn76,
year={1976},
booktitle={Mathematical Models in Marketing},
volume={132},
series={Lecture Notes in Economics and Mathematical Systems},
title={Consumer Brand Choice--A Learning Process?},
author={Alfred Kuehn},
}

@article{lawrence75,
     title = {Consumer Brand Choice: A Random Walk?},
     author = {Raymond Lawrence},
     journal = {Journal of Marketing Research},
     volume = {12},
     year = {1975},
    }

	

@article{kim13,
	Author = {Kim M.K. and Lopetcharat K. and Drake M.A.},
	Title = {Influence of packaging information on consumer liking of chocolate milk},
	Journal = {Journal of Dairy Science},
	Year = {2013}}

@article{makens65,
	Author = {James Makens},
	Title = {Effect of brand preference upon consumers perceived taste of turkey meat},
	Journal = {Journal of Applied Psychology},
	Volume = {49},
	Year = {1965}}
	
@article{almenberg14,
	Author = {Johan Almenberg and Anna Dreber and Robin Goldstein},
	Title = {Hide the Label, Hide the Difference?},
	Journal = {American Association of Wine Economist},
	Volume = {165},
	Year = {2014}}	
	
@article{mantonakis13,
	Author = {Antonia Mantonakis and Bryan Galiffi and Ummugulsum Aysan and Randi Beckett},
	Title = {The Effects of the Metacognitive Cue of Fluency on Evaluations about Taste Perception},
	Journal = {Psychology},
	Volume = {4},
	Year = {2013}}		

@article{harris54,
	Author = {Zellig Harris},
	Title = {Distributional structure},
	Journal = {Word},
	Volume = {10},
	Year = {1954}}		

@inproceedings{kim14,
	Author = {Gunhee Kim and Eric P. Xing},
	Booktitle = {Seventh ACM International Conference on Web Search and Data Mining (WSDM 2014)},
	Title = {{Visualizing Brand Associations from Web Community Photos}},
	Year = 2014}

@inproceedings{ashok13,
	Author = {Vikas Ashok and Song Feng and Yejin Choi},
	Booktitle = {Empirical Methods in Natural Language Processing (EMNLP 2013)},
	Title = {{Success with Style: Using Writing Style to Predict the Success of Novels}},
	Year = 2013}

@inproceedings{thomas06,
   author = {Matt Thomas and Bo Pang and Lillian Lee},
   title = {Get Out The Vote: Determining Support Or Opposition From {Congressional} Floor-Debate Transcripts},
   year = {2006},
   pages = {327--335},
   booktitle = {Proceedings of EMNLP}
}
