@BOOK{Anderson08,
TITLE = "Security Engineering: A Guide to Building Dependable Distributed Systems",
AUTHOR = {Anderson, R.},
PUBLISHER = "Wiley",
YEAR = "2008"}

@Book{Duda01,
TITLE = {Pattern Classification},
AUTHOR = "{Duda, R.} and {Hart, P.} and {Stork, G.}",
PUBLISHER = "Wiley-Interscience",
YEAR = "2001"}

@Book{Oppenheim09,
TITLE = {Discrete-Time Signal Processing},
AUTHOR = "{Oppenheim, A.} and {Schafer, R.}",
PUBLISHER = "Prentice Hall Press",
YEAR = "2009"}

@Book{Bishop07,
TITLE = {Pattern Recognition and Machine Learning (Information Science and Statistics)},
AUTHOR = "{Bishop, C.}",
PUBLISHER = "Springer",
YEAR = "2007"}

@Book{Hollander73,
TITLE = {Nonparametric Statistical Methods},
AUTHOR = "{Hollander, M. and Wolfe, D.}",
PUBLISHER = "Wiley",
YEAR = "1973"}

@article{Breiman2001,
    author = {Breiman, L.},
    journal = {Machine Learning},
    number = {1},
    pages = {5-32},
    title = {Random Forests},
    volume = {45},
    year = {2001}
 }

@article{Campbell94,
    author = {Campbell, G.},
    journal = {Statistics in Medicine},
    pages = {499-508},
    title = {Advances in statistical methodology for the evaluation of diagnostic and laboratory tests},
    volume = {13},
    year = {1994}
 }
 
  @inproceedings{Rabiner89,
    author = "{Rabiner, L.}",
    booktitle = {Proceedings of the IEEE},
    title = {A Tutorial on Hidden Markov Models and Selected Applications in Speech Recognition},
    volume = {77},
    year = {1989}
 }
 
@inproceedings{Provost04,
    author = "{Macskassy, S. and Provost, F.}",
    title = {Proceedings in {ICML} 2005 Proceedings of the 22nd international conference on Machine learning},
    booktitle = {Confidence Bands for ROC Curves: Methods and an Empirical Study},
    pages = {537-544},
    year = {2005}
 }
 
 @techreport{WPR13,
    author    = "Lassignardie J. and Wilson, D..",
    title     = "World Payments Report 2013",
    institution = "Capgemini"
    year     = "2013",
    note = {accessible at \url{http://www.capgemini.com/resource-file-access/resource/pdf/wpr_2013.pdf}; accessed 14/04/2014.}    
}
 
   @article{Baum70,
    author = "{Baum, L.} and {Petrie, T.} and {Soules, G.} and {Weiss, N.}",
    journal = {The Annals of Mathematical Statistics},
    title = {A Maximization Technique Occurring in the Statistical Analysis of Probabilistic Functions of {M}arkov Chains},
    volume = {41},
    year = {1970}
 }
  
 @article{Impedovo08,
    author = "{Impedovo, D.} and {Pirlo, G.}",
    journal = {IEEE Transactions on Systems, Man and Cybernetics—Part C: Applications and Reviews},
    title = {Automatic Signature Verification: The State of the Art},
    volume = {45},
    year = {2001}
 }
 
  @incollection{Platt98,
    author = {J. Platt},
    booktitle = {Advances in Kernel Methods - Support Vector Learning},
    editor = {B. Schoelkopf and C. Burges and A. Smola},
    publisher = {MIT Press},
    title = {Fast Training of Support Vector Machines using Sequential Minimal Optimization},
    year = {1998},
    URL = {http://research.microsoft.com/\~jplatt/smo.html},
    PS = {http://research.microsoft.com/\~jplatt/smo-book.ps.gz},
    PDF = {http://research.microsoft.com/\~jplatt/smo-book.pdf}
 }

@article{Witten2009,
	author = "Hall, M. and Frank, E. and Holmes, G. and Pfahringer, B. and Reutemann, P. and Witten, I.",
	title = {The {WEKA} Data Mining Software: An Update},
	year = {2009},
	journal = {SIGKDD Explorations},
	Volume = {11},
	Issue = {1}
}

@Book{Witten2011,
	author = "{Hall, M.} and {Frank, E.} and {Witten, I.}",
	title = "Data Mining: Practical Machine Learning Tools and Techniques",
	year = "2011",
	PUBLISHER = "Morgan Kaufmann"
}

@article{Sigari11,
    author  = "{Sigari, M.} and {Pourshahabi, M.} and {Pourreza, H.}",
    title   = "Offline Handwritten Signature Identification and Verification Using Multi-Resolution {Gabor} Wavelet",
    year    = "2011",
    journal = "International Journal of Biometrics and Bioinformatics",
    volume  = "5",
    number  = "4",
    pages   = "234--248"
}

 @article{leCessie92,
    author = {le Cessie, S. and van Houwelingen, J.C.},
    journal = {Applied Statistics},
    number = {1},
    pages = {191-201},
    title = {Ridge Estimators in Logistic Regression},
    volume = {41},
    year = {1992}
 }

 @book{Quinlan93,
    address = {San Mateo, CA},
    author = {Ross Quinlan},
    publisher = {Morgan Kaufmann Publishers},
    title = {C4.5: Programs for Machine Learning},
    year = {1993}
 }
  
 @inproceedings{John95,
    address = {San Mateo},
    author = {George H. John and Pat Langley},
    booktitle = {Proceedings of the Eleventh Conference on Uncertainty in Artificial Intelligence},
    pages = {338-345},
    publisher = {Morgan Kaufmann},
    title = {Estimating Continuous Distributions in Bayesian Classifiers},
    year = {1995}
 }
  
  @book{Hinton86,
    author = "{Rumelhart, D.} and {Hinton, G.} and {Williams, R.}",
    publisher = {MIT Press},
    title = {Parallel distributed processing: Explorations in the microstructure of cognition},
    year = {1986}
 }

@incollection{Kohavi1995,
year={1995},
isbn={978-3-540-59286-0},
booktitle={Machine Learning: ECML-95},
volume={912},
series={Lecture Notes in Computer Science},
editor={Lavrac, Nada and Wrobel, Stefan},
doi={10.1007/3-540-59286-5_57},
title={The power of decision tables},
url={http://dx.doi.org/10.1007/3-540-59286-5_57},
publisher={Springer Berlin Heidelberg},
author={Kohavi, Ron},
pages={174-189}
}

@article{Breiman1996,
year={1996},
issn={0885-6125},
journal={Machine Learning},
volume={24},
number={2},
doi={10.1023/A:1018054314350},
title={Bagging Predictors},
url={http://dx.doi.org/10.1023/A%3A1018054314350},
publisher={Kluwer Academic Publishers-Plenum Publishers},
keywords={Aggregation; Bootstrap; Averaging; Combining},
author={Breiman, L.},
pages={123-140},
language={English}
}

@article{Freund99,
    author  = "{Freund99, Y.} and {Schapire, R.}",
    title   = "A Short Introduction to Boosting",
    year    = "1999",
    journal = "Journal of Japanese Society for Artificial Intelligence",
    volume  = "14",
    number  = "5",
    pages   = "771--780"
}

@inproceedings{Abdulla03,
    author  = "{Abdulla, W.} and {Chow, D.} and {Sin, G.}",
    title   = "Cross-words Reference Template for {DTW}-based Speech Recognition Systems",
    year    = "2003",
    booktitle = "Proceedings of Conference on Convergent Technologies for Asia-Pacific Region",
    volume  = "4"
}

@article{Sakoe78,
    author  = "{Sakoe, H.} and {Chiba, S.}",
    title   = "Dynamic Programming Algorithm Optimization for Spoken Word Recognition",
    year    = "1978",
    journal = "IEEE Transactions on Acoustics, Speech and Signal Processing",
    volume  = "ASSP-26",
    number  = "1"
}

@article{Casanova10,
    author  = "{Casanova, G.} and {Avila, C.} and {Sierra, A.} and {Bailador del Pozo, G.} and {Vera, V.}",
    title   = "A Real-Time In-Air Signature Biometric Technique Using a Mobile Device Embedding an Accelerometer",
    year    = "2010",
    journal = "Communications in Computer and Information Science: Networked Digital Technologies",
}

@inproceedings{Mracek11,
    author  = "{Mracek, S.} and {Busch, R.} and {Dvorak, R.} and {Drahansky, M.}",
    title   = "Inspired by {Bertillon} - Recognition Based on Anatomical Features from 3D Face Scans",
    year    = "2011",
    booktitle = "Proceedings of the {IEEE} International Workshop on Security and Communication Networks"
}

@article{Frias-Martinez2006,
    author  = "{Frias-Martinez, E.} and {Sanchez, A.} and {Velez, J.}",
    title   = "Support Vector Machines versus Multi-Layer Perceptrons for Efﬁcient Off-line Signature Recognition",
    year    = "2006",
    journal = "Engineering Applications of Artiﬁcial Intelligence",
    volume  = "19",
    number  = "6",
    pages   = "693--704"
}

@article{Pylvanainen05,
    author  = {Pylv\"{a}n\"{a}inen, T.},
    title   = "Accelerometer Based Gesture Recognition using continuous {HMMs}",
    year    = "2005",
    journal = "Lecture Notes in Computer Science: Pattern Recognition and Image Analysis",
    volume  = "3522",
    pages   = "413--430"
}

@article{Zheng01,
    author  = "{Zheng, F.} and {Zhang, G.} and {Zhanjiang, S.}",
    title   = "Comparison of Different Implementations of {MFCC}",
    year    = "2001",
    journal = "Journal of Computer Science and Technology",
    volume  = "16",
    issue = "6",
    pages   = "582--589"
}

@article{Muda10,
    author  = "{Muda, L.} and {Begam, M.} and {Elamvazuthi, I.}",
    title   = "Voice Recognition Algorithms using Mel Frequency Cepstral Coefficient ({MFCC}) and Dynamic Time Warping ({DTW}) Techniques",
    year    = "2010",
    journal = "Journal of Computing",
    volume  = "2",
    issue = "3",
}	
			
@inproceedings{Prekopcsak08,
    author  = {Prekopcsa\`{a}k, Z.},
    title   = "Accelerometer Based Real-Time Gesture Recognition",
    year    = "2008",
    booktitle = "Proceedings of the 12th International Student Conference on Electrical Engineering",
}

@conference{Yeung04,
    author    = "Yeung, D. and Chang, H. and Xiong Y. and George, S. and Kashi, R. and Matsumoto, T. and Rigoll, G.",
    title     = "{SVC}2004: First International Signature Verification Competition",
    booktitle = "Biometric Authentication",
    volume   = "3072",
    series   = "Lecture Notes in Computer Science",
    pages    = "16--22",
    year      = "2004",
    month    = "July",
    publisher= "Springer Berlin Heidelberg",
}

@conference{Mayoue07,
    author    = "Mayoue, A. and Dorizzi, B. and Allano, L. and Chollet, G. and Hennebert, J. and Petrovska-Delacr´etraz, D. and Verdet, F.",
    booktitle     = "BioSecure Multimodal Evaluation Campaign 2007 ({BMEC}’2007)",
    title = "Guide to Biometric Reference Systems and Performance Evaluation",
    pages    = "327--371",
    year      = "2004",
    publisher= "Springer London",
}

@inproceedings{Blankers09,
    author    = "Blankers, V.L. and {van den Heuvel}, C.E. and Franke, K.Y. and Vuurpijl, L.G.",
    title     = "The {ICDAR} 2009 Signature Veriﬁcation Competition",
    booktitle   = "Proceedings of the 10th International Conference on Document Analysis and Recognition",
    pages    = "1403--1407",
    year      = "2009",
}

@techreport{Irish13,
    author    = {Irish, H.},
    title     = {{Biometric 3D Signature Authentication to Show Liveness in Mobile Payment}},
    year     = {2013},
    institution = {University of Cambridge Computer Laboratory},
    note = {UROP report; accessible at \url{http://www.cl.cam.ac.uk/~lmrs2/2012_UROP_Henri_report_BioSigAuth.pdf}; accessed 17/10/2013.}
}

@techreport{Tee11,
    author    = {White Paper},
    title     = {The trusted execution environment: Delivering enhanced security at a lower cost to the mobile market},
    year     = {2011},
    institution = {GlobalPlatform},
}

@mastersthesis{Guse11,
    author    = "Guse, D.",
    title     = "Gesture-based User Authentication on Mobile Devices using Accelerometer and Gyroscope",
    school    = "Berlin Institute of Technology",
    %type     = "diploma thesis",
    %address  = "",
    year      = "2011",
    month    = "May",
    %note     = "",
}

@TechReport{Stajano12,
  author =	 {Bonneau, Joseph and Herley, Cormac and Oorschot, Paul C.
          	  van and Stajano, Frank},
  title = 	 {{The quest to replace passwords: a framework for
         	   comparative evaluation of Web authentication schemes}},
  year = 	 2012,
  month = 	 mar,
  url = 	 {http://www.cl.cam.ac.uk/techreports/UCAM-CL-TR-817.pdf},
  institution =  {University of Cambridge, Computer Laboratory},
  number = 	 {UCAM-CL-TR-817}
}

@phdthesis{Nickel12,
    author    = "Nickel, C.",
    title     = "Accelerometer-based Biometric Gait Recognition for Authentication on Smartphones",
    school    = {Technische Universit\"at Darmstadt},
    %type     = "diploma thesis",
    %address  = "",
    year      = "2012",
    month    = "May",
    %note     = "",
}
